@article{lsi,
  author = {Deerwester, S. and Dumais, S. T. and Landauer, T. K. and Furnas, G. W. and Harshman, R. A.},
  title = {Indexing by latent semantic analysis},
  journal = {Journal of the Society for Information Science},
  volume = {41(6)},
  pages = {391--407},
  year = {1990}
}

@article{Kettenring,
  author = {Kettenring, J.~R.},
  title = {Canonical analysis of several sets of variables},
  journal = {Biometrika},
  volume = {58},
  pages = {433-45},
  year = {1971}
}

@article{Carroll,
    author = {Carroll, J.~D.},
    title = {Generalization of canonical correlation analysis to three or more sets of variables},
    journal = {Proceedings of the American Psychological Association},
    year = {1968},
    pages = {227-228}
}

@misc{xlike,
  howpublished = {\url{http://www.xlike.org/}}
}
@misc{mlweb,
  howpublished = {\url{http://www.multilingualweb.eu/}}
}
@misc{pdata,
  howpublished = {\url{http://www.planet-data.eu/}}
}
@misc{metanet,
  howpublished = {\url{http://www.meta-net.eu/}}
}

@misc{translectures,
  howpublished = {\url{http://translectures.eu/}}
}

@misc{render,
  howpublished = {\url{http://render-project.eu/}}
}

@book{gifi,
  author={Albert Gifi},
  title={Nonlinear Multivariate Analysis},
  publisher = {Wiley Series in Probability and Statistics},
  year = {1990}
}

@InProceedings{cl_lsi,
  author = 	 {S.T. Dumais and T.A. Letsche and M.L. Littman and T.K Landauer},
  title = 	 {Automatic Cross-Language Retrieval Using Latent Semantic Indexing},
  booktitle = {AAAI'97 Spring Symposium Series: CrossLanguage Text and Speech Retrieval},
  pages = 	 {18-224},
  year = 	 {1997},

}

@article{iti,
  author = {Primoz Skraba AND Jan~Rupnik AND Andrej~Muhic},
    title = {Cross-Lingual Document Similarity},
    journal = {ITI 2012 Information Technology Interfaces},
    year = {2012}
}
@article{nips,
  author = {Primoz Skraba AND Jan~Rupnik AND Andrej~Muhic},
    title = {Low-rank approximations for large, multi-lingual data.},
    journal = {Low Rank Approximation and Sparse Representation, NIPS 2011 Workshop},
    year = {2011}
}

@article{nips2,
  author = {Primoz Skraba AND Jan~Rupnik AND Andrej~Muhic},
    title = {Spanning Spaces: Learning Cross-Lingual Similarities.},
    journal = {Beyond Mahalanobis: Supervised Large-Scale Learning of Similarity, NIPS 2011 Workshop},
    year = {2011}
}

@article{sikdd,
author = {Primoz Skraba AND Jan~Rupnik AND Andrej~Muhic},
title = {Multilingual Document Retrieval through Hub Languages.},
journal = {Conference on Data Mining and Data Warehouses (SiKDD 2012)},
year = {2012}
}

@INPROCEEDINGS{Salton88term-weightingapproaches,
    author = {Gerard Salton and Christopher Buckley},
    title = {Term-weighting approaches in automatic text retrieval},
    booktitle = {INFORMATION PROCESSING AND MANAGEMENT},
    year = {1988},
    pages = {513--523},
    publisher = {}
}
