@article{lsi,
  author = {Deerwester, S. and Dumais, S. T. and Landauer, T. K. and Furnas, G. W. and Harshman, R. A.},
  title = {Indexing by latent semantic analysis},
  journal = {Journal of the Society for Information Science},
  volume = {41(6)},
  pages = {391--407},
  year = {1990}
}

@article{Kettenring,
  author = {Kettenring, J.~R.},
  title = {Canonical analysis of several sets of variables},
  journal = {Biometrika},
  volume = {58},
  pages = {433-45},
  year = {1971}
}

@article{Carroll,
    author = {Carroll, J.~D.},
    title = {Generalization of canonical correlation analysis to three or more sets of variables},
    journal = {Proceedings of the American Psychological Association},
    year = {1968},
    pages = {227-228}
}

@misc{xlike,
  howpublished = {\url{http://www.xlike.org/}}
}
@misc{mlweb,
  howpublished = {\url{http://www.multilingualweb.eu/}}
}
@misc{pdata,
  howpublished = {\url{http://www.planet-data.eu/}}
}
@misc{metanet,
  howpublished = {\url{http://www.meta-net.eu/}}
}

@misc{translectures,
  howpublished = {\url{http://translectures.eu/}}
}

@misc{render,
  howpublished = {\url{http://render-project.eu/}}
}

@book{gifi,
  author={Albert Gifi},
  title={Nonlinear Multivariate Analysis},
  publisher = {Wiley Series in Probability and Statistics},
  year = {1990}
}

@InProceedings{cl_lsi,
  author = 	 {S.T. Dumais and T.A. Letsche and M.L. Littman and T.K Landauer},
  title = 	 {Automatic Cross-Language Retrieval Using Latent Semantic Indexing},
  booktitle = {AAAI'97 Spring Symposium Series: CrossLanguage Text and Speech Retrieval},
  pages = 	 {18-224},
  year = 	 {1997},

}

@article{nips,
  author = {Jan~Rupnik AND Andrej~Muhic AND Primoz~Skraba},
    title = {Low-rank approximations for large, multi-lingual data.},
    journal = {Low Rank Approximation and Sparse Representation, NIPS 2011 Workshop},
    year = {2011}
}

@article{nips2,
  author = {Jan~Rupnik AND Andrej~Muhic AND Primoz~Skraba},
    title = {Spanning Spaces: Learning Cross-Lingual Similarities.},
    journal = {Beyond Mahalanobis: Supervised Large-Scale Learning of Similarity, NIPS 2011 Workshop},
    year = {2011}
}

@article{iti,
  author = {Andrej~Muhic AND Jan~Rupnik AND Primoz~Skraba},
    title = {Cross-Lingual Document Similarity},
    journal = {ITI 2012 Information Technology Interfaces},
    year = {2012}
}

@article{sikdd,
author = {Jan~Rupnik AND Andrej~Muhic AND Primoz~Skraba},
title = {Multilingual Document Retrieval through Hub Languages.},
journal = {Conference on Data Mining and Data Warehouses (SiKDD 2012)},
year = {2012}
}

@article{nips3,
  author = {Jan~Rupnik AND Andrej~Muhic AND Primoz~Skraba},
    title = {Cross-Lingual Document Retrieval through Hub Languages.},
    journal = {xLiTe: Cross-Lingual Technologies, NIPS 2012 Workshop},
    year = {2012}
}


@INPROCEEDINGS{Salton88term-weightingapproaches,
    author = {Gerard Salton and Christopher Buckley},
    title = {Term-weighting approaches in automatic text retrieval},
    booktitle = {Information Processing And Management},
    year = {1988},
    pages = {513--523},
    publisher = {}
}


@article{ccar,
author = {Jan Rupnik AND Blaz Fortuna},
title = {Regression Canonical Correlation Analysis},
journal = {Learning from Multiple Sources, NIPS Workshop, 13 Dec 2008 Whistler Canada},
year = {2008}
}

@TECHREPORT{HardoonCCA,
    author = {David R. Hardoon and Sandor Szedmak and Or Szedmak and John Shawe-taylor},
    title = {Canonical correlation analysis; An overview with application to learning methods},
    institution = {},
    year = {2007}
}

@MISC{Hardoon_usingimage,
    author = {David R. Hardoon and Janaina Mourão-mir and Michael Brammer and Brain Image and Analysis Unit},
    title = {Using Image Stimuli to Drive fMRI Analysis},
    year = {}
}

@article{tropp,
 author = {Halko, N. and Martinsson, P. G. and Tropp, J. A.},
 title = {Finding Structure with Randomness: Probabilistic Algorithms for Constructing Approximate Matrix Decompositions},
 journal = {SIAM Rev.},
 issue_date = {May 2011},
 volume = {53},
 number = {2},
 month = may,
 year = {2011},
 issn = {0036-1445},
 pages = {217--288},
 numpages = {72},
 url = {http://dx.doi.org/10.1137/090771806},
 doi = {10.1137/090771806},
 acmid = {2078881},
 publisher = {Society for Industrial and Applied Mathematics},
 address = {Philadelphia, PA, USA},
 keywords = {Johnson-Lindenstrauss lemma, dimension reduction, eigenvalue decomposition, interpolative decomposition, matrix approximation, parallel algorithm, pass-efficient algorithm, principal component analysis, random matrix, randomized algorithm, rank-revealing QR factorization, singular value decomposition, streaming algorithm},
}

@book{golub,
    address = {Baltimore, MD, USA},
    author = {Golub, Gene H. and Van Loan, Charles F.},
    citeulike-article-id = {2122238},
    citeulike-linkout-0 = {http://portal.acm.org/citation.cfm?id=248979},
    citeulike-linkout-1 = {http://portal.acm.org/citation.cfm?id=248979},
    isbn = {0801854148},
    keywords = {algebra, book, computation, numerical},
    posted-at = {2008-03-30 22:15:25},
    priority = {2},
    publisher = {Johns Hopkins University Press},
    title = {{Matrix computations (3rd ed.)}},
    url = {http://portal.acm.org/citation.cfm?id=248979},
    year = {1996}
}
