% This file was created with JabRef 2.10.
% Encoding: UTF8


@Book{kmeans,
  Title                    = {"Clustering Algorithms (Probability \& Mathematical Statistics)"},
  Author                   = {"J. A. Hartigan "},
  Publisher                = {"John Wiley \& Sons Inc."},
  Year                     = {1975}
}

@Book{nla,
  Title                    = { Templates for the solution of algebraic eigenvalue problems},
  Author                   = {Bai, Z. and Demmel, J. and Dongarra, J. and Ruhe, A. and van der Vorst, H. and eds},
  Publisher                = {Society for Industrial and Applied Mathematics Philadelphia},
  Year                     = {2000}
}

@Article{Bendel_Mickey_78,
  Title                    = {{Population correlation matrices for sampling experiments}},
  Author                   = {Bendel, R. B. and Mickey, M. R.},
  Journal                  = {Communications in Statistics: Simulation and Computation},
  Year                     = {1978},
  Number                   = {1},
  Pages                    = {163--182},
  Volume                   = {B7},

  Citeulike-article-id     = {6904007},
  Posted-at                = {2010-03-25 06:09:30},
  Priority                 = {2}
}

@Book{bourbaki1998general,
  Title                    = {General Topology: Chapters 1-4},
  Author                   = {Bourbaki, N.},
  Publisher                = {Springer},
  Year                     = {1998},
  Series                   = {Elements of mathematics}
}

@Book{Boyd:2004:CO:993483,
  Title                    = {Convex Optimization},
  Author                   = {Boyd, Stephen and Vandenberghe, Lieven},
  Publisher                = {Cambridge University Press},
  Year                     = {2004},

  Address                  = {New York, NY, USA},

  ISBN                     = {0521833787}
}

@InProceedings{Brank2014,
  Title                    = {A High-Performance Multithreaded Approach for Clustering a Stream of Documents},
  Author                   = {Brank, Janez and Leban, Gregor and Grobelnik, Marko},
  Booktitle                = {Proceedings of the SiKDD2014 conference, Ljubljana, Slovenia},
  Year                     = {2014}
}

@Article{Carroll,
  Title                    = {Generalization of canonical correlation analysis to three or more sets of variables},
  Author                   = {Carroll, J.~D.},
  Journal                  = {Proceedings of the American Psychological Association},
  Year                     = {1968},
  Pages                    = {227-228}
}

@Article{Chu,
  Title                    = {On a Multivariate Eigenvalue Problem, Part I: Algebraic Theory and a Power Method},
  Author                   = {Moody T. Chu and J. Loren Watterson},
  Journal                  = {SIAM J. on Scientific Computing},
  Year                     = {1993},
  Pages                    = {1089-1106},
  Volume                   = {Vol.14 NO.5}
}

@Article{lsi,
  Title                    = {Indexing by latent semantic analysis},
  Author                   = {Deerwester, S. and Dumais, S. T. and Landauer, T. K. and Furnas, G. W. and Harshman, R. A.},
  Journal                  = {J. of the Society for Information Science},
  Year                     = {1990},
  Pages                    = {391--407},
  Volume                   = {41(6)}
}

@PhdThesis{cindex,
  Title                    = {Dubinska Analiza Teksta Uporabom Konceptnog Indeksiranja},
  Author                   = {Dobsa, J.},
  School                   = {Sveuciliste u Zagrebu, Fakultet Elektrotehnike i Raucunarstva},
  Year                     = {2006}
}

@InProceedings{cl_lsi,
  Title                    = {Automatic Cross-Language Retrieval Using Latent Semantic Indexing},
  Author                   = {S.T. Dumais and T.A. Letsche and M.L. Littman and T.K Landauer},
  Booktitle                = {AAAI'97: CrossLanguage Text and Speech Retrieval},
  Year                     = {1997},
  Pages                    = {18-224}
}

@Electronic{eurovoc,
  Title                    = {Eurovoc 2015. Multilingual thesaurus of the European Union.},
  Author                   = {Eurovoc},
  Url                      = {http://eurovoc.europa.eu/},
  Year                     = {2015}
}

@InProceedings{svm2k,
  Title                    = {Two view learning: SVM-2K, theory and practice},
  Author                   = {Farquhar, Jason and Hardoon, David and Meng, Hongying and Shawe-taylor, John S and Szedmak, Sandor},
  Booktitle                = {Advances in neural information processing systems},
  Year                     = {2005},
  Pages                    = {355--362}
}

@Article{ccatextdva,
  Title                    = {Kernel Canonical Correlation Analysis With Applications},
  Author                   = {Blaz Fortuna},
  Journal                  = {Proc. of IS-2004, Ljubljana, Slovenia},
  Year                     = {2004}
}

@InCollection{ccatext,
  Title                    = {A Kernel Canonical Correlation Analysis For Learning The Semantics Of Text},
  Author                   = {Blaz Fortuna AND Nello Cristianini AND John Shawe-Taylor},
  Booktitle                = {Kernel methods in bioengineering, communications and image processing},
  Year                     = {2006}
}

@InBook{mrpqr,
  Title                    = {Kernel methods in bioengineering, communications and image processing},
  Author                   = {B. Fortuna and N. Cristianini and J. Shawe-Taylor},
  Chapter                  = {A Kernel Canonical Correlation Analysis For Learning The Semantics Of Text},
  Pages                    = {263-282},
  Publisher                = {Idea Group Publishing},
  Year                     = {2006}
}

@InCollection{ccanewsbias,
  Title                    = {Detecting the bias in media with statistical learning methods},
  Author                   = {Blaz Fortuna AND Carolina Galleguillos AND Nello Cristianini},
  Booktitle                = {Text Mining: Classification, Clustering, and Applications},
  Publisher                = {Chapman and Hall/CRC press},
  Year                     = {2009}
}

@Book{Garey:1990:CIG:574848,
  Title                    = {Computers and Intractability; A Guide to the Theory of NP-Completeness},
  Author                   = {Garey, Michael R. and Johnson, David S.},
  Publisher                = {W. H. Freeman \& Co.},
  Year                     = {1990},

  Address                  = {New York, NY, USA},

  ISBN                     = {0716710455}
}

@Book{gifi,
  Title                    = {Nonlinear Multivariate Analysis},
  Author                   = {Albert Gifi},
  Publisher                = {Wiley Series in Probability and Statistics},
  Year                     = {1990}
}

@Article{Goemans95improvedapproximation,
  Title                    = {Improved Approximation Algorithms for Maximum Cut and Satisfiability Problems Using Semidefinite Programming},
  Author                   = {M. X. Goemans and D.P. Williamson},
  Journal                  = {J. of the ACM},
  Year                     = {1995},
  Pages                    = {1115--1145},
  Volume                   = {42}
}

@Book{golub,
  Title                    = {{Matrix computations (3rd ed.)}},
  Author                   = {Golub, Gene H. and Van Loan, Charles F.},
  Publisher                = {Johns Hopkins University Press},
  Year                     = {1996},

  Keywords                 = {algebra, book, computation, numerical},
  Posted-at                = {2008-03-30 22:15:25},
  Priority                 = {2}
}

@Article{Grigoriev,
  Title                    = {Polynomial-time computing over quadratic maps i: sampling in real algebraic sets},
  Author                   = {Grigoriev, Dima and Pasechnik, Dmitrii V.},
  Journal                  = {Comput. Complex.},
  Year                     = {2005},

  Month                    = apr,
  Number                   = {1},
  Pages                    = {20--52},
  Volume                   = {14},

  ISSN                     = {1016-3328},
  Publisher                = {Birkhauser Verlag}
}

@Article{tropp,
  Title                    = {Finding Structure with Randomness: Probabilistic Algorithms for Constructing Approximate Matrix Decompositions},
  Author                   = {Halko, N. and Martinsson, P. G. and Tropp, J. A.},
  Journal                  = {SIAM Rev.},
  Year                     = {2011},

  Month                    = may,
  Number                   = {2},
  Pages                    = {217--288},
  Volume                   = {53},

  Acmid                    = {2078881},
  Address                  = {Philadelphia, PA, USA},
  Doi                      = {10.1137/090771806},
  ISSN                     = {0036-1445},
  Issue_date               = {May 2011},
  Keywords                 = {Johnson-Lindenstrauss lemma, dimension reduction, eigenvalue decomposition, interpolative decomposition, matrix approximation, parallel algorithm, pass-efficient algorithm, principal component analysis, random matrix, randomized algorithm, rank-revealing QR factorization, singular value decomposition, streaming algorithm},
  Numpages                 = {72},
  Publisher                = {Society for Industrial and Applied Mathematics},
  Url                      = {http://dx.doi.org/10.1137/090771806}
}

@Misc{Hardoon_usingimage,
  Title                    = {Using Image Stimuli to Drive fMRI Analysis},

  Author                   = {David R. Hardoon and Janaina Mourï¿½o-mir and Michael Brammer and Brain Image and Analysis Unit}
}

@InProceedings{Hardoon_usingimage,
  Title                    = {Using image stimuli to drive fMRI analysis},
  Author                   = {Hardoon, David R and Mourao-Miranda, Janaina and Brammer, Michael and Shawe-Taylor, John},
  Booktitle                = {Neural Information Processing},
  Year                     = {2008},
  Organization             = {Springer},
  Pages                    = {477--486}
}

@TechReport{HardoonCCA,
  Title                    = {Canonical correlation analysis; An overview with application to learning methods},
  Author                   = {David R. Hardoon and Sandor Szedmak and Or Szedmak and John Shawe-taylor},
  Year                     = {2007}
}

@InProceedings{moses,
  Title                    = {Moses: Open source toolkit for statistical machine translation},
  Author                   = {Hieu Hoang and Alexandra Birch and Chris Callison-burch and Richard Zens and Rwth Aachen and Alexandra Constantin and Marcello Federico and Nicola Bertoldi and Chris Dyer and Brooke Cowan and Wade Shen and Christine Moran and Ondrej Bojar},
  Year                     = {2007},
  Pages                    = {177--180}
}

@Article{Holmes:1991:RCM:105724.105730,
  Title                    = {On random correlation matrices},
  Author                   = {Holmes, R. B.},
  Journal                  = {SIAM J. Matrix Anal. Appl.},
  Year                     = {1991},

  Month                    = mar,
  Number                   = {2},
  Pages                    = {239--272},
  Volume                   = {12},

  Publisher                = {Society for Industrial and Applied Mathematics}
}

@Article{Horst,
  Title                    = {Relations among m sets of measures},
  Author                   = {Horst, P.},
  Journal                  = {Psychometrika},
  Year                     = {1961},
  Pages                    = {129-149},
  Volume                   = {26}
}

@Article{Hotelling,
  Title                    = {The most predictable criterion},
  Author                   = {Hotelling, H.},
  Journal                  = {J. of Educational Psychology},
  Year                     = {1935},
  Pages                    = {139-142},
  Volume                   = {26}
}

@Article{FBMJ,
  Title                    = {Kernel Independent Component Analysis},
  Author                   = {Michael I. Jordan and Francis R. Bach},
  Journal                  = {J. of Machine Learning Research},
  Year                     = {2001},
  Pages                    = {1--48},
  Volume                   = {3}
}

@Article{Kettenring,
  Title                    = {Canonical analysis of several sets of variables},
  Author                   = {Kettenring, J.~R.},
  Journal                  = {Biometrika},
  Year                     = {1971},
  Pages                    = {433-45},
  Volume                   = {58}
}

@Conference{europarl,
  Title                    = {Europarl: A Parallel Corpus for Statistical Machine Translation},
  Author                   = {Koehn, P.},
  Booktitle                = {MT Summit 2005},
  Year                     = {2005}
}

@InProceedings{Leban2014I,
  Title                    = {Cross-lingual detection of world events from news articles},
  Author                   = {Leban, Gregor and Fortuna, Blaz and Brank, Janez and Grobelnik, Marko},
  Booktitle                = {Proceedings of the 13th International Semantic Web Conference},
  Year                     = {2014},
  Pages                    = {21--24}
}

@InProceedings{Leban2014W,
  Title                    = {Event Registry: Learning About World Events from News},
  Author                   = {Leban, Gregor and Fortuna, Blaz and Brank, Janez and Grobelnik, Marko},
  Booktitle                = {Proceedings of the Companion Publication of the 23rd International Conference on World Wide Web Companion},
  Year                     = {2014},
  Pages                    = {107--110},
  Publisher                = {International World Wide Web Conferences Steering Committee},
  Series                   = {WWW Companion '14}
}

@InProceedings{Leetaru2013Gdelt,
  Title                    = {GDELT: Global data on events, location, and tone, 1979--2012},
  Author                   = {Leetaru, Kalev and Schrodt, Philip A},
  Booktitle                = {ISA Annual Convention},
  Year                     = {2013},
  Pages                    = {4},
  Volume                   = {2}
}

@Article{JointBSSAppl,
  Title                    = {Joint blind source separation by multiset canonical correlation analysis},
  Author                   = {Li, Yi-Ou and Adali, T\"{u}lay and Wang, Wei and Calhoun, Vince D.},
  Journal                  = {Trans. Sig. Proc.},
  Year                     = {2009},

  Month                    = oct,
  Number                   = {10},
  Pages                    = {3918--3929},
  Volume                   = {57},

  Acmid                    = {1653515},
  Address                  = {Piscataway, NJ, USA},
  ISSN                     = {1053-587X},
  Issue_date               = {October 2009},
  Keywords                 = {Canonical correlation analysis, canonical correlation analysis, gronp analysis, group analysis, independent component analysis, joint blind source separation},
  Numpages                 = {12},
  Publisher                = {IEEE Press}
}

@InCollection{kernelHyperAppl,
  Title                    = {Kernel Hyperalignment},
  Author                   = {Alexander Lorbert and Peter Ramadge},
  Booktitle                = {NIPS 25},
  Year                     = {2012},
  Pages                    = {1799--1807}
}

@InProceedings{polyLDA,
  Title                    = {Polylingual Topic Models},
  Author                   = {Mimno, David and Wallach, Hanna M. and Naradowsky, Jason and Smith, David A. and McCallum, Andrew},
  Booktitle                = {Proceedings of the 2009 Conference on Empirical Methods in Natural Language Processing: Volume 2 - Volume 2},
  Year                     = {2009},

  Address                  = {Stroudsburg, PA, USA},
  Pages                    = {880--889},
  Publisher                = {Association for Computational Linguistics},
  Series                   = {EMNLP '09},

  Acmid                    = {1699627},
  ISBN                     = {978-1-932432-62-6},
  Location                 = {Singapore},
  Numpages                 = {10},
  Url                      = {http://dl.acm.org/citation.cfm?id=1699571.1699627}
}

@Article{iti,
  Title                    = {Cross-Lingual Document Similarity},
  Author                   = {Andrej~Muhic AND Jan~Rupnik AND Primoz~Skraba},
  Journal                  = {ITI 2012 Information Technology Interfaces},
  Year                     = {2012}
}

@InProceedings{Nesterov98globalquadratic,
  Title                    = {Global Quadratic Optimization via Conic Relaxation},
  Author                   = {Yu. Nesterov},
  Year                     = {1998}
}

@Misc{ControlApplication,
  Title                    = {Computing Optimal Model Perturbations: A Constraint Optimization Problem},

  Author                   = {T. L. Noorden and J. Barkmeijer}
}

@Article{Pearson1901On,
  Title                    = {{On lines and planes of closest fit to systems of points in space}},
  Author                   = {Pearson, K.},
  Journal                  = {Philos. Mag.},
  Year                     = {1901},
  Number                   = {6},
  Pages                    = {559--572},
  Volume                   = {2},

  Citeulike-article-id     = {2013414},
  Keywords                 = {pca},
  Posted-at                = {2007-11-29 10:41:36},
  Priority                 = {2}
}

@InProceedings{platt2010translingual,
  Title                    = {Translingual document representations from discriminative projections},
  Author                   = {Platt, John C and Toutanova, Kristina and Yih, Wen-tau},
  Booktitle                = {Proceedings of the 2010 Conference on Empirical Methods in Natural Language Processing},
  Year                     = {2010},
  Organization             = {Association for Computational Linguistics},
  Pages                    = {251--261}
}

@Article{Pouliquen2006,
  Title                    = {Automatic annotation of multilingual text collections with a conceptual thesaurus},
  Author                   = {Pouliquen, Bruno and Steinberger, Ralf and Ignat, Camelia},
  Journal                  = {arXiv preprint cs/0609059},
  Year                     = {2006}
}

@Article{ccar,
  Title                    = {Regression Canonical Correlation Analysis},
  Author                   = {Jan Rupnik AND Blaz Fortuna},
  Journal                  = {Learning from Multiple Sources, NIPS Workshop, 13 Dec 2008 Whistler Canada},
  Year                     = {2008}
}

@Article{sikdd,
  Title                    = {Multilingual Document Retrieval through Hub Languages.},
  Author                   = {Jan~Rupnik AND Andrej~Muhic AND Primoz~Skraba},
  Journal                  = {Conference on Data Mining and Data Warehouses (SiKDD 2012)},
  Year                     = {2012}
}

@Article{nips,
  Title                    = {Low-rank approximations for large, multi-lingual data.},
  Author                   = {Jan~Rupnik AND Andrej~Muhic AND Primoz~Skraba},
  Journal                  = {Low Rank Approximation and Sparse Representation, NIPS 2011 Workshop},
  Year                     = {2011}
}

@Article{nips2,
  Title                    = {Spanning Spaces: Learning Cross-Lingual Similarities.},
  Author                   = {Jan~Rupnik AND Andrej~Muhic AND Primoz~Skraba},
  Journal                  = {Beyond Mahalanobis: Supervised Large-Scale Learning of Similarity, NIPS 2011 Workshop},
  Year                     = {2011}
}

@Article{mcca,
  Title                    = {Multi-View Canonical Correlation Analsysis},
  Author                   = {Jan Rupnik AND John Shawe-Taylor},
  Journal                  = {SiKDD 2010},
  Year                     = {2010}
}

@InProceedings{Salton88term-weightingapproaches,
  Title                    = {Term-weighting approaches in automatic text retrieval},
  Author                   = {Gerard Salton and Christopher Buckley},
  Booktitle                = {information processing and management},
  Year                     = {1988},
  Pages                    = {513--523}
}

@Book{shawe-taylor04kernel,
  Title                    = {Kernel Methods for Pattern Analysis},
  Author                   = {John Shawe-Taylor and Nello Cristianini},
  Publisher                = {Cambridge University Press},
  Year                     = {2004}
}

@Article{Steinberger2008,
  Title                    = {NewsExplorer -- combining various text analysis tools to allow multilingual news linking and exploration},
  Author                   = {Steinberger, Ralf and Pouliquen, Bruno},
  Journal                  = {Lecture notes for the lecture held at the SORIA Summer School ï¿½Cursos de Tecnolog{\i}as Ling{\"u}{\i}sticas},
  Year                     = {2008}
}

@InProceedings{voorhees1999trec,
  Title                    = {The TREC-8 Question Answering Track Report.},
  Author                   = {Voorhees, Ellen M and others},
  Booktitle                = {TREC},
  Year                     = {1999},
  Pages                    = {77--82},
  Volume                   = {99}
}

@InProceedings{cotrain,
  Title                    = {Co-training for cross-lingual sentiment classification},
  Author                   = {Wan, Xiaojun},
  Booktitle                = {Proceedings of the Joint Conference of the 47th Annual Meeting of the ACL and the 4th International Joint Conference on Natural Language Processing of the AFNLP: Volume 1-Volume 1},
  Year                     = {2009},
  Organization             = {Association for Computational Linguistics},
  Pages                    = {235--243}
}

@InProceedings{nonnegfactor_lsi,
  Title                    = {A novel two-step method for cross language representation learning},
  Author                   = {Xiao, Min and Guo, Yuhong},
  Booktitle                = {Advances in Neural Information Processing Systems},
  Year                     = {2013},
  Pages                    = {1259--1267}
}

@Misc{nonlinJointBSS,
  Title                    = {Nonlinear Blind Source Separation Using Kernel Multi-set Canonical Correlation Analysis},

  Author                   = {Hua-Gang Yu and Gao-Ming Huang and Jun Gao},
  Month                    = nov,
  Year                     = {2010},

  Journal                  = {IJCNIS},
  Number                   = {1},
  Publisher                = {MECS},
  Volume                   = {2}
}

@InProceedings{PCL_LSA,
  Title                    = {Cross-lingual latent topic extraction},
  Author                   = {Zhang, Duo and Mei, Qiaozhu and Zhai, ChengXiang},
  Booktitle                = {Proceedings of the 48th Annual Meeting of the Association for Computational Linguistics},
  Year                     = {2010},
  Organization             = {Association for Computational Linguistics},
  Pages                    = {1128--1137}
}

@Article{GlobalMEP2,
  Title                    = {Towards the global solution of the maximal correlation problem},
  Author                   = {Zhang, Lei-Hong and Liao, Li-Zhi and Sun, Li-Ming},
  Journal                  = {J. of Global Optimization},
  Year                     = {2011},

  Month                    = jan,
  Number                   = {1},
  Pages                    = {91--107},
  Volume                   = {49},

  Acmid                    = {1900638},
  Address                  = {Hingham, MA, USA},
  ISSN                     = {0925-5001},
  Issue_date               = {January 2011},
  Keywords                 = {Canonical correlation, Gauss-Seidel method, Global maximizer, Maximal correlation problem, Multivariate eigenvalue problem, Multivariate statistics, Nonnegative irreducible matrix, Power method},
  Publisher                = {Kluwer Academic Publishers}
}

@Article{GlobalMEP,
  Title                    = {On a Multivariate Eigenvalue Problem, Part II: Global Solutions and the Gauss-Seidel Method},
  Author                   = {Lei-Hong Zhang and Moody and T. Chu},
  Journal                  = {pre-print},

  HowPublished             = {\url{http://www4.ncsu.edu/~mtchu/Research/Papers/On the MEP II_04.pdf}}
}

@Misc{metanet,
  HowPublished             = {\url{http://www.meta-net.eu/}}
}

@Misc{xlike,
  HowPublished             = {\url{http://www.xlike.org/}}
}

@inproceedings{Trampus2012,
  address = {Ljubljana, Slovenia},
  author = {Trampu\v{s}, Mitja and Novak, Bla\v{z}},
  booktitle = {Proceedings of 15th Multiconference on Information Society 2012 (IS-2012)},
  title = {The Internals Of An Aggregated Web News Feed},
  year = {2012}
}

@Inproceedings{zhang2014saaacamactat,
	booktitle = {Proceedings of the Demonstrations at the 14th Conference of the European Chapter of the Association for Computational Linguistics (EACL 2014)},
	month = {April},
	pages = {13-16},
	publisher = {Association for Computational Linguistics},
	title = {Semantic Annotation, Analysis and Comparison: A Multilingual and Cross-lingual Text Analytics Toolkit},
	year = {2014},
	type = {Inproceedings},
	author = {Lei Zhang and Achim Rettinger}
}

@article{brank2014,
  title={A high-performance multithreaded approach for clustering a stream of documents},
  author={Brank, Janez and Leban, Gregor and Grobelnik, Marko},
  booktitle = {Proceedings of 17th Multiconference on Information Society 2014 (IS-2014)},
  year={2014}
}

@inproceedings{pouliquen2008story,
  title={Story tracking: linking similar news over time and across languages},
  author={Pouliquen, Bruno and Steinberger, Ralf and Deguernel, Olivier},
  booktitle={Proceedings of the workshop on Multi-source Multilingual Information Extraction and Summarization},
  pages={49--56},
  year={2008},
  organization={Association for Computational Linguistics}
}