%% This BibTeX bibliography file was created using BibDesk.
%% http://bibdesk.sourceforge.net/


%% Created for Primoz Skraba at 2015-07-10 09:21:47 +0200 


%% Saved with string encoding Unicode (UTF-8) 



@article{pouliquen2006automatic,
	Author = {Pouliquen, Bruno and Steinberger, Ralf and Ignat, Camelia},
	Date-Added = {2015-07-10 07:21:44 +0000},
	Date-Modified = {2015-07-10 07:21:44 +0000},
	Journal = {arXiv preprint cs/0609060},
	Title = {Automatic identification of document translations in large multilingual document collections},
	Year = {2006}}

@inproceedings{pouliquen2004multilingual,
	Author = {Pouliquen, Bruno and Steinberger, Ralf and Ignat, Camelia and K{\"a}sper, Emilia and Temnikova, Irina},
	Booktitle = {Proceedings of the 20th international conference on Computational Linguistics},
	Date-Added = {2015-07-10 07:21:25 +0000},
	Date-Modified = {2015-07-10 07:21:25 +0000},
	Organization = {Association for Computational Linguistics},
	Pages = {959},
	Title = {Multilingual and cross-lingual news topic tracking},
	Year = {2004}}

@inproceedings{pouliquen2008story,
	Author = {Pouliquen, Bruno and Steinberger, Ralf and Deguernel, Olivier},
	Booktitle = {Proceedings of the workshop on Multi-source Multilingual Information Extraction and Summarization},
	Date-Added = {2015-07-10 07:20:23 +0000},
	Date-Modified = {2015-07-10 07:20:23 +0000},
	Organization = {Association for Computational Linguistics},
	Pages = {49--56},
	Title = {Story tracking: linking similar news over time and across languages},
	Year = {2008}}

@article{potthast2011cross,
	Author = {Potthast, Martin and Barr{\'o}n-Cede{\~n}o, Alberto and Stein, Benno and Rosso, Paolo},
	Date-Added = {2015-07-10 07:19:09 +0000},
	Date-Modified = {2015-07-10 07:19:09 +0000},
	Journal = {Language Resources and Evaluation},
	Number = {1},
	Pages = {45--62},
	Publisher = {Springer},
	Title = {Cross-language plagiarism detection},
	Volume = {45},
	Year = {2011}}

@book{peters2012multilingual,
	Author = {Peters, Carol and Braschler, Martin and Clough, Paul},
	Date-Added = {2015-07-10 07:18:30 +0000},
	Date-Modified = {2015-07-10 07:18:30 +0000},
	Publisher = {Springer Science \&amp; Business Media},
	Title = {Multilingual information retrieval: From research to practice},
	Year = {2012}}

@book{Boyd:2004:CO:993483,
	Address = {New York, NY, USA},
	Author = {Boyd, Stephen and Vandenberghe, Lieven},
	Isbn = {0521833787},
	Publisher = {Cambridge University Press},
	Title = {Convex Optimization},
	Year = {2004}}

@book{bourbaki1998general,
	Author = {Bourbaki, N.},
	Publisher = {Springer},
	Series = {Elements of mathematics},
	Title = {General Topology: Chapters 1-4},
	Year = {1998}}

@book{golub,
	Author = {Golub, Gene H. and Van Loan, Charles F.},
	Keywords = {algebra, book, computation, numerical},
	Posted-At = {2008-03-30 22:15:25},
	Priority = {2},
	Publisher = {Johns Hopkins University Press},
	Title = {{Matrix computations (3rd ed.)}},
	Year = {1996}}

@inproceedings{Nesterov98globalquadratic,
	Author = {Yu. Nesterov},
	Title = {Global Quadratic Optimization via Conic Relaxation},
	Year = {1998}}

@conference{europarl,
	Author = {Koehn, P.},
	Booktitle = {MT Summit 2005},
	Title = {Europarl: A Parallel Corpus for Statistical Machine Translation},
	Year = {2005}}

@article{FBMJ,
	Author = {Michael I. Jordan and Francis R. Bach},
	Journal = {J. of Machine Learning Research},
	Pages = {1--48},
	Title = {Kernel Independent Component Analysis},
	Volume = {3},
	Year = {2001}}

@article{Chu,
	Author = {Moody T. Chu and J. Loren Watterson},
	Journal = {SIAM J. on Scientific Computing},
	Pages = {1089-1106},
	Title = {On a Multivariate Eigenvalue Problem, Part I: Algebraic Theory and a Power Method},
	Volume = {Vol.14 NO.5},
	Year = {1993}}

@article{Horst,
	Author = {Horst, P.},
	Journal = {Psychometrika},
	Pages = {129-149},
	Title = {Relations among m sets of measures},
	Volume = {26},
	Year = {1961}}

@article{Hotelling,
	Author = {Hotelling, H.},
	Journal = {J. of Educational Psychology},
	Pages = {139-142},
	Title = {The most predictable criterion},
	Volume = {26},
	Year = {1935}}

@techreport{HardoonCCA,
	Author = {David R. Hardoon and Sandor Szedmak and Or Szedmak and John Shawe-taylor},
	Title = {Canonical correlation analysis; An overview with application to learning methods},
	Year = {2007}}

@inproceedings{Hardoon_usingimage,
	Author = {Hardoon, David R and Mourao-Miranda, Janaina and Brammer, Michael and Shawe-Taylor, John},
	Booktitle = {Neural Information Processing},
	Organization = {Springer},
	Pages = {477--486},
	Title = {Using image stimuli to drive fMRI analysis},
	Year = {2008}}

@article{Kettenring,
	Author = {Kettenring, J.~R.},
	Journal = {Biometrika},
	Pages = {433-45},
	Title = {Canonical analysis of several sets of variables},
	Volume = {58},
	Year = {1971}}

@article{lsi,
	Author = {Deerwester, S. and Dumais, S. T. and Landauer, T. K. and Furnas, G. W. and Harshman, R. A.},
	Journal = {J. of the Society for Information Science},
	Pages = {391--407},
	Title = {Indexing by latent semantic analysis},
	Volume = {41(6)},
	Year = {1990}}

@article{mcca,
	Author = {Jan Rupnik AND John Shawe-Taylor},
	Journal = {SiKDD 2010},
	Title = {Multi-View Canonical Correlation Analsysis},
	Year = {2010}}

@incollection{ccatext,
	Author = {Blaz Fortuna AND Nello Cristianini AND John Shawe-Taylor},
	Booktitle = {Kernel methods in bioengineering, communications and image processing},
	Title = {A Kernel Canonical Correlation Analysis For Learning The Semantics Of Text},
	Year = {2006}}

@article{ccatextdva,
	Author = {Blaz Fortuna},
	Journal = {Proc. of IS-2004, Ljubljana, Slovenia},
	Title = {Kernel Canonical Correlation Analysis With Applications},
	Year = {2004}}

@incollection{ccanewsbias,
	Author = {Blaz Fortuna AND Carolina Galleguillos AND Nello Cristianini},
	Booktitle = {Text Mining: Classification, Clustering, and Applications},
	Publisher = {Chapman and Hall/CRC press},
	Title = {Detecting the bias in media with statistical learning methods},
	Year = {2009}}

@article{ccar,
	Author = {Jan Rupnik AND Blaz Fortuna},
	Journal = {Learning from Multiple Sources, NIPS Workshop, 13 Dec 2008 Whistler Canada},
	Title = {Regression Canonical Correlation Analysis},
	Year = {2008}}

@phdthesis{cindex,
	Author = {Dobsa, J.},
	School = {Sveuciliste u Zagrebu, Fakultet Elektrotehnike i Raucunarstva},
	Title = {Dubinska Analiza Teksta Uporabom Konceptnog Indeksiranja},
	Year = {2006}}

@book{shawe-taylor04kernel,
	Author = {John Shawe-Taylor and Nello Cristianini},
	Publisher = {Cambridge University Press},
	Title = {Kernel Methods for Pattern Analysis},
	Year = 2004}

@book{nla,
	Author = {Bai, Z. and Demmel, J. and Dongarra, J. and Ruhe, A. and van der Vorst, H. and eds},
	Publisher = {Society for Industrial and Applied Mathematics Philadelphia},
	Title = {Templates for the solution of algebraic eigenvalue problems},
	Year = 2000}

@inbook{mrpqr,
	Author = {B. Fortuna and N. Cristianini and J. Shawe-Taylor},
	Chapter = {A Kernel Canonical Correlation Analysis For Learning The Semantics Of Text},
	Pages = {263-282},
	Publisher = {Idea Group Publishing},
	Title = {Kernel methods in bioengineering, communications and image processing},
	Year = 2006}

@article{Bendel_Mickey_78,
	Author = {Bendel, R. B. and Mickey, M. R.},
	Citeulike-Article-Id = {6904007},
	Journal = {Communications in Statistics: Simulation and Computation},
	Number = {1},
	Pages = {163--182},
	Posted-At = {2010-03-25 06:09:30},
	Priority = {2},
	Title = {{Population correlation matrices for sampling experiments}},
	Volume = {B7},
	Year = {1978}}

@article{Holmes:1991:RCM:105724.105730,
	Author = {Holmes, R. B.},
	Journal = {SIAM J. Matrix Anal. Appl.},
	Month = mar,
	Number = {2},
	Pages = {239--272},
	Publisher = {Society for Industrial and Applied Mathematics},
	Title = {On random correlation matrices},
	Volume = {12},
	Year = {1991}}

@inproceedings{Salton88term-weightingapproaches,
	Author = {Gerard Salton and Christopher Buckley},
	Booktitle = {information processing and management},
	Pages = {513--523},
	Title = {Term-weighting approaches in automatic text retrieval},
	Year = {1988}}

@inproceedings{cl_lsi,
	Author = {S.T. Dumais and T.A. Letsche and M.L. Littman and T.K Landauer},
	Booktitle = {AAAI'97: CrossLanguage Text and Speech Retrieval},
	Pages = {18-224},
	Title = {Automatic Cross-Language Retrieval Using Latent Semantic Indexing},
	Year = {1997}}

@article{Goemans95improvedapproximation,
	Author = {M. X. Goemans and D.P. Williamson},
	Journal = {J. of the ACM},
	Pages = {1115--1145},
	Title = {Improved Approximation Algorithms for Maximum Cut and Satisfiability Problems Using Semidefinite Programming},
	Volume = {42},
	Year = {1995}}

@book{Garey:1990:CIG:574848,
	Address = {New York, NY, USA},
	Author = {Garey, Michael R. and Johnson, David S.},
	Isbn = {0716710455},
	Publisher = {W. H. Freeman \& Co.},
	Title = {Computers and Intractability; A Guide to the Theory of NP-Completeness},
	Year = {1990}}

@article{GlobalMEP,
	Author = {Lei-Hong Zhang and Moody and T. Chu},
	Howpublished = {\url{http://www4.ncsu.edu/~mtchu/Research/Papers/On the MEP II_04.pdf}},
	Journal = {pre-print},
	Title = {On a Multivariate Eigenvalue Problem, Part II: Global Solutions and the Gauss-Seidel Method}}

@article{GlobalMEP2,
	Acmid = {1900638},
	Address = {Hingham, MA, USA},
	Author = {Zhang, Lei-Hong and Liao, Li-Zhi and Sun, Li-Ming},
	Issn = {0925-5001},
	Issue_Date = {January 2011},
	Journal = {J. of Global Optimization},
	Keywords = {Canonical correlation, Gauss-Seidel method, Global maximizer, Maximal correlation problem, Multivariate eigenvalue problem, Multivariate statistics, Nonnegative irreducible matrix, Power method},
	Month = jan,
	Number = {1},
	Pages = {91--107},
	Publisher = {Kluwer Academic Publishers},
	Title = {Towards the global solution of the maximal correlation problem},
	Volume = {49},
	Year = {2011}}

@misc{ControlApplication,
	Author = {T. L. Noorden and J. Barkmeijer},
	Title = {Computing Optimal Model Perturbations: A Constraint Optimization Problem}}

@article{JointBSSAppl,
	Acmid = {1653515},
	Address = {Piscataway, NJ, USA},
	Author = {Li, Yi-Ou and Adali, T\"{u}lay and Wang, Wei and Calhoun, Vince D.},
	Issn = {1053-587X},
	Issue_Date = {October 2009},
	Journal = {Trans. Sig. Proc.},
	Keywords = {Canonical correlation analysis, canonical correlation analysis, gronp analysis, group analysis, independent component analysis, joint blind source separation},
	Month = oct,
	Number = {10},
	Numpages = {12},
	Pages = {3918--3929},
	Publisher = {IEEE Press},
	Title = {Joint blind source separation by multiset canonical correlation analysis},
	Volume = {57},
	Year = {2009}}

@incollection{kernelHyperAppl,
	Author = {Alexander Lorbert and Peter Ramadge},
	Booktitle = {NIPS 25},
	Pages = {1799--1807},
	Title = {Kernel Hyperalignment},
	Year = {2012}}

@misc{nonlinJointBSS,
	Author = {Hua-Gang Yu and Gao-Ming Huang and Jun Gao},
	Journal = {IJCNIS},
	Month = nov,
	Number = {1},
	Publisher = {MECS},
	Title = {Nonlinear Blind Source Separation Using Kernel Multi-set Canonical Correlation Analysis},
	Volume = {2},
	Year = {2010}}

@misc{xlike,
	Howpublished = {\url{http://www.xlike.org/}}}

@misc{metanet,
	Howpublished = {\url{http://www.meta-net.eu/}}}

@misc{Hardoon_usingimage,
	Author = {David R. Hardoon and Janaina Mour„o-mir and Michael Brammer and Brain Image and Analysis Unit},
	Title = {Using Image Stimuli to Drive fMRI Analysis}}

@article{Grigoriev,
	Author = {Grigoriev, Dima and Pasechnik, Dmitrii V.},
	Issn = {1016-3328},
	Journal = {Comput. Complex.},
	Month = apr,
	Number = {1},
	Pages = {20--52},
	Publisher = {Birkhauser Verlag},
	Title = {Polynomial-time computing over quadratic maps i: sampling in real algebraic sets},
	Volume = {14},
	Year = {2005}}

@article{nips,
	Author = {Jan~Rupnik AND Andrej~Muhic AND Primoz~Skraba},
	Journal = {Low Rank Approximation and Sparse Representation, NIPS 2011 Workshop},
	Title = {Low-rank approximations for large, multi-lingual data.},
	Year = {2011}}

@article{nips2,
	Author = {Jan~Rupnik AND Andrej~Muhic AND Primoz~Skraba},
	Journal = {Beyond Mahalanobis: Supervised Large-Scale Learning of Similarity, NIPS 2011 Workshop},
	Title = {Spanning Spaces: Learning Cross-Lingual Similarities.},
	Year = {2011}}

@article{iti,
	Author = {Andrej~Muhic AND Jan~Rupnik AND Primoz~Skraba},
	Journal = {ITI 2012 Information Technology Interfaces},
	Title = {Cross-Lingual Document Similarity},
	Year = {2012}}

@article{sikdd,
	Author = {Jan~Rupnik AND Andrej~Muhic AND Primoz~Skraba},
	Journal = {Conference on Data Mining and Data Warehouses (SiKDD 2012)},
	Title = {Multilingual Document Retrieval through Hub Languages.},
	Year = {2012}}

@book{kmeans,
	Author = {J. A. Hartigan},
	Publisher = {John Wiley \& Sons Inc.},
	Title = {Clustering Algorithms (Probability \& Mathematical Statistics)},
	Year = 1975}

@article{tropp,
	Acmid = {2078881},
	Address = {Philadelphia, PA, USA},
	Author = {Halko, N. and Martinsson, P. G. and Tropp, J. A.},
	Doi = {10.1137/090771806},
	Issn = {0036-1445},
	Issue_Date = {May 2011},
	Journal = {SIAM Rev.},
	Keywords = {Johnson-Lindenstrauss lemma, dimension reduction, eigenvalue decomposition, interpolative decomposition, matrix approximation, parallel algorithm, pass-efficient algorithm, principal component analysis, random matrix, randomized algorithm, rank-revealing QR factorization, singular value decomposition, streaming algorithm},
	Month = may,
	Number = {2},
	Numpages = {72},
	Pages = {217--288},
	Publisher = {Society for Industrial and Applied Mathematics},
	Title = {Finding Structure with Randomness: Probabilistic Algorithms for Constructing Approximate Matrix Decompositions},
	Url = {http://dx.doi.org/10.1137/090771806},
	Volume = {53},
	Year = {2011},
	Bdsk-Url-1 = {http://dx.doi.org/10.1137/090771806}}

@article{Pearson1901On,
	Author = {Pearson, K.},
	Citeulike-Article-Id = {2013414},
	Journal = {Philos. Mag.},
	Keywords = {pca},
	Number = {6},
	Pages = {559--572},
	Posted-At = {2007-11-29 10:41:36},
	Priority = {2},
	Title = {{On lines and planes of closest fit to systems of points in space}},
	Volume = {2},
	Year = {1901}}

@article{Carroll,
	Author = {Carroll, J.~D.},
	Journal = {Proceedings of the American Psychological Association},
	Pages = {227-228},
	Title = {Generalization of canonical correlation analysis to three or more sets of variables},
	Year = {1968}}

@book{gifi,
	Author = {Albert Gifi},
	Publisher = {Wiley Series in Probability and Statistics},
	Title = {Nonlinear Multivariate Analysis},
	Year = {1990}}

@inproceedings{moses,
	Author = {Hieu Hoang and Alexandra Birch and Chris Callison-burch and Richard Zens and Rwth Aachen and Alexandra Constantin and Marcello Federico and Nicola Bertoldi and Chris Dyer and Brooke Cowan and Wade Shen and Christine Moran and Ondrej Bojar},
	Pages = {177--180},
	Title = {Moses: Open source toolkit for statistical machine translation},
	Year = {2007}}

@inproceedings{platt2010translingual,
	Author = {Platt, John C and Toutanova, Kristina and Yih, Wen-tau},
	Booktitle = {Proceedings of the 2010 Conference on Empirical Methods in Natural Language Processing},
	Organization = {Association for Computational Linguistics},
	Pages = {251--261},
	Title = {Translingual document representations from discriminative projections},
	Year = {2010}}

@inproceedings{polyLDA,
	Acmid = {1699627},
	Address = {Stroudsburg, PA, USA},
	Author = {Mimno, David and Wallach, Hanna M. and Naradowsky, Jason and Smith, David A. and McCallum, Andrew},
	Booktitle = {Proceedings of the 2009 Conference on Empirical Methods in Natural Language Processing: Volume 2 - Volume 2},
	Isbn = {978-1-932432-62-6},
	Location = {Singapore},
	Numpages = {10},
	Pages = {880--889},
	Publisher = {Association for Computational Linguistics},
	Series = {EMNLP '09},
	Title = {Polylingual Topic Models},
	Url = {http://dl.acm.org/citation.cfm?id=1699571.1699627},
	Year = {2009},
	Bdsk-Url-1 = {http://dl.acm.org/citation.cfm?id=1699571.1699627}}

@inproceedings{PCL_LSA,
	Author = {Zhang, Duo and Mei, Qiaozhu and Zhai, ChengXiang},
	Booktitle = {Proceedings of the 48th Annual Meeting of the Association for Computational Linguistics},
	Organization = {Association for Computational Linguistics},
	Pages = {1128--1137},
	Title = {Cross-lingual latent topic extraction},
	Year = {2010}}

@inproceedings{nonnegfactor_lsi,
	Author = {Xiao, Min and Guo, Yuhong},
	Booktitle = {Advances in Neural Information Processing Systems},
	Pages = {1259--1267},
	Title = {A novel two-step method for cross language representation learning},
	Year = {2013}}

@inproceedings{cotrain,
	Author = {Wan, Xiaojun},
	Booktitle = {Proceedings of the Joint Conference of the 47th Annual Meeting of the ACL and the 4th International Joint Conference on Natural Language Processing of the AFNLP: Volume 1-Volume 1},
	Organization = {Association for Computational Linguistics},
	Pages = {235--243},
	Title = {Co-training for cross-lingual sentiment classification},
	Year = {2009}}

@inproceedings{svm2k,
	Author = {Farquhar, Jason and Hardoon, David and Meng, Hongying and Shawe-taylor, John S and Szedmak, Sandor},
	Booktitle = {Advances in neural information processing systems},
	Pages = {355--362},
	Title = {Two view learning: SVM-2K, theory and practice},
	Year = {2005}}

@inproceedings{Leban2014W,
	Author = {Leban, Gregor and Fortuna, Blaz and Brank, Janez and Grobelnik, Marko},
	Booktitle = {Proceedings of the Companion Publication of the 23rd International Conference on World Wide Web Companion},
	Pages = {107--110},
	Publisher = {International World Wide Web Conferences Steering Committee},
	Series = {WWW Companion '14},
	Title = {Event Registry: Learning About World Events from News},
	Year = {2014}}

@inproceedings{Leban2014I,
	Author = {Leban, Gregor and Fortuna, Blaz and Brank, Janez and Grobelnik, Marko},
	Booktitle = {Proceedings of the 13th International Semantic Web Conference},
	Pages = {21--24},
	Title = {Cross-lingual detection of world events from news articles},
	Year = {2014}}

@inproceedings{Brank2014,
	Author = {Brank, Janez and Leban, Gregor and Grobelnik, Marko},
	Booktitle = {Proceedings of the SiKDD2014 conference, Ljubljana, Slovenia},
	Title = {A High-Performance Multithreaded Approach for Clustering a Stream of Documents},
	Year = {2014}}

@article{Steinberger2008,
	Author = {Steinberger, Ralf and Pouliquen, Bruno},
	Journal = {Lecture notes for the lecture held at the SORIA Summer School {\`\i}Cursos de Tecnolog{\i}as Ling{\"u}{\i}sticas},
	Title = {NewsExplorer -- combining various text analysis tools to allow multilingual news linking and exploration},
	Year = {2008}}

@article{Pouliquen2006,
	Author = {Pouliquen, Bruno and Steinberger, Ralf and Ignat, Camelia},
	Journal = {arXiv preprint cs/0609059},
	Title = {Automatic annotation of multilingual text collections with a conceptual thesaurus},
	Year = {2006}}

@inproceedings{Leetaru2013Gdelt,
	Author = {Leetaru, Kalev and Schrodt, Philip A},
	Booktitle = {ISA Annual Convention},
	Pages = {4},
	Title = {GDELT: Global data on events, location, and tone, 1979--2012},
	Volume = {2},
	Year = {2013}}

@inproceedings{voorhees1999trec,
	Author = {Voorhees, Ellen M and others},
	Booktitle = {TREC},
	Pages = {77--82},
	Title = {The TREC-8 Question Answering Track Report.},
	Volume = {99},
	Year = {1999}}
